@article{diebel06,
    author={James Diebel},
    title={Representing Attitude: Euler Angles, Unit Quaternions, and Rotation Vectors},
    year={2006}
}

@article{pletinckx89,
    author={Daniel Pletinckx},
    title={Quaternion calculus as a basic tool in computer graphics},
    journal={The Visual Computer},
    pages={2--13},
    number={2},
    volume={5},
    year={1989}
}

@article{taylor79,
    author={Russel H. Taylor},
    title={Planning and Execution of Straight Line Manipulator Trajectories},
    journal={IBM Journal of Research and Development},
    number={4},
    pages={424--436},
    volume={23},
    year={1979},
}

@article{schoemake85,
    author={Ken Schoemake},
    title={Animating Rotation with Quaternion Curves},
    journal={ACM SIGGRAPH Computer Graphics},
    number={3},
    pages={245--254},
    volume={19},
    year={1985},
}

@misc{glm:quat:angleAxis,
    author={GLM Project Contributors},
    title={glm::detail::quat::angleAxis},
    url={https://github.com/g-truc/glm/blob/0.9.5/glm/gtc/quaternion.inl},
    year={2014},
}

